@ARTICLE{Campos2021,
	author={Campos, Carlos and Elvira, Richard and Rodríguez, Juan J. Gómez and M. Montiel, José M. and D. Tardós, Juan},
	journal={IEEE Transactions on Robotics}, 
	title={ORB-SLAM3: An Accurate Open-Source Library for Visual, Visual–Inertial, and Multimap SLAM}, 
	year={2021},
	volume={37},
	number={6},
	pages={1874-1890},
	doi={10.1109/TRO.2021.3075644}
}